@video{BibliotecaComplutenseLaTeXTuTFG2024,
  entrysubtype = {video},
  title = {{{LaTeX}} Tú {{TFG TFM Tesis}} Desde Cero y Con Estilo (4ª Edición)},
  editor = {{Biblioteca Complutense}},
  editortype = {director},
  date = {2024-12-04},
  url = {https://www.youtube.com/watch?v=10SEk60ZQ9g},
  urldate = {2025-06-03}
}

@online{DattaInstallingOracleDatabasea,
  type = {topic},
  title = {Installing {{Oracle Database Free}}},
  author = {Datta, Santanu and Stalin, Malai and Larimer, Gordon and Siddavatam, Sudeepthi and Venzl, Gerald and Jones, Christopher and Narayanasamy, Sivaselvam and Puvvada, Sritej and Venkatasubramanian, Vasundhara and Keh, Alex and Kodavaluru, Subrahmanyam and Surabhi, Sunil},
  publisher = {June2025},
  url = {https://docs.oracle.com/en/database/oracle/oracle-database/23/xeinw/index.html#GUID-8A8E5F6D-F00E-40BD-B74D-A41CCC502AE9},
  urldate = {2025-07-19},
  langid = {american},
  organization = {Oracle Help Center},
  file = {C:\Users\User\Zotero\storage\6Z3LJVEG\index.html}
}

@online{JenningsInstallingConfiguringAPEX,
  type = {topic},
  title = {Installing and {{Configuring APEX}} and {{Oracle REST Data Services}}},
  author = {Jennings, Terri and Bliss, David and Cho, Christina and Farrell, Hilary and Hlayel, Salim and Neumueller, Christian and Sewtz, Marc and Straub, Jason and Uvarov, Vlad and Wolf, Patrick and Godfrey, John},
  publisher = {August2024},
  url = {https://docs.oracle.com/en/database/oracle/apex/24.1/htmig/index.html},
  urldate = {2025-06-13},
  abstract = {Install or upgrade Oracle APEX by downloading a ZIP file from the APEX download page and then downloading and installing Oracle REST Data Services (ORDS). These instructions apply to both new and upgrade installations.},
  langid = {american},
  organization = {Oracle Help Center},
  keywords = {APEX 24.2 INSTALLATION GUIDE},
  file = {C:\Users\User\Zotero\storage\GGGV9HJK\index.html}
}

@online{OracleAPEXAdministration,
  title = {Oracle {{APEX Administration Guide}}},
  url = {https://docs.oracle.com/en/database/oracle/apex/24.2/aeadm/index.html},
  urldate = {2025-07-19},
  langid = {american},
  organization = {Oracle Help Center},
  file = {C:\Users\User\Zotero\storage\TT52UTD6\index.html}
}

@online{OracleAPEXApp,
  title = {Oracle {{APEX App Builder User}}'s {{Guide}}},
  url = {https://docs.oracle.com/en/database/oracle/apex/24.2/htmdb/index.html},
  urldate = {2025-07-19},
  langid = {american},
  organization = {Oracle Help Center},
  file = {C:\Users\User\Zotero\storage\XLWFLZ97\index.html}
}

@online{OracleAPEXSQL,
  title = {Oracle {{APEX SQL Workshop Guide}}},
  url = {https://docs.oracle.com/en/database/oracle/apex/24.2/aeutl/index.html},
  urldate = {2025-07-19},
  langid = {american},
  organization = {Oracle Help Center},
  file = {C:\Users\User\Zotero\storage\9HEQEB3J\index.html}
}

@online{TestCodeGuide,
  title = {Test {{Code Guide}}: {{TestCafe}} | {{DevExpress}}},
  url = {https://testcafe.devexpress.com/Documentation/Getting_Started/Test_Code_Guide/},
  urldate = {2025-06-14},
  keywords = {Testcafe Guide},
  file = {C:\Users\User\Zotero\storage\8A85SAN9\Test_Code_Guide.html}
}
